
@online{rustlang_btreemap_2015,
	title = {{BTreeMap} in std::collections - Rust},
	url = {https://doc.rust-lang.org/stable/std/collections/struct.BTreeMap.html},
	titleaddon = {std - Rust},
	type = {Documentation},
	author = {{RustLang}},
	urldate = {2023-03-18},
	date = {2015-05-15},
}

@article{hoare_algorithm_1961,
	title = {Algorithm 65: find},
	volume = {4},
	issn = {0001-0782, 1557-7317},
	url = {https://dl.acm.org/doi/10.1145/366622.366647},
	doi = {10.1145/366622.366647},
	shorttitle = {Algorithm 65},
	pages = {321--322},
	number = {7},
	journaltitle = {Commun. {ACM}},
	author = {Hoare, C. A. R.},
	urldate = {2023-03-20},
	date = {1961-07},
	langid = {english},
}

@article{musser_introspective_1997,
	title = {Introspective Sorting and Selection Algorithms},
	volume = {27},
	issn = {0038-0644, 1097-024X},
	url = {https://onlinelibrary.wiley.com/doi/10.1002/%28SICI%291097-024X%28199708%2927%3A8%3C983%3A%3AAID-SPE117%3E3.0.CO%3B2-%23},
	doi = {10.1002/(SICI)1097-024X(199708)27:8<983::AID-SPE117>3.0.CO;2-#},
	pages = {983--993},
	number = {8},
	journaltitle = {Softw: Pract. Exper.},
	author = {Musser, David R.},
	urldate = {2023-03-20},
	date = {1997-08},
	langid = {english},
}
